{"ts": "2025-11-06 14:49:00+00:00", "side": "BUY", "price": 269.0450134277344, "size": 1}
{"ts": "2025-11-06 14:52:00+00:00", "side": "SELL", "price": 268.5599975585937, "size": 1}
{"ts": "2025-11-06 14:56:00+00:00", "side": "BUY", "price": 269.31500244140625, "size": 1}
{"ts": "2025-11-06 15:11:00+00:00", "side": "SELL", "price": 269.3699951171875, "size": 1}
{"ts": "2025-11-06 15:15:00+00:00", "side": "BUY", "price": 270.1600036621094, "size": 1}
{"ts": "2025-11-06 15:39:00+00:00", "side": "SELL", "price": 272.239990234375, "size": 1}
{"ts": "2025-11-06 15:47:00+00:00", "side": "BUY", "price": 272.72821044921875, "size": 1}
{"ts": "2025-11-06 15:59:00+00:00", "side": "SELL", "price": 272.2799987792969, "size": 1}
{"ts": "2025-11-06 16:17:00+00:00", "side": "BUY", "price": 271.7807006835937, "size": 1}
{"ts": "2025-11-06 16:18:00+00:00", "side": "SELL", "price": 271.739990234375, "size": 1}
{"ts": "2025-11-06 16:24:00+00:00", "side": "BUY", "price": 272.20001220703125, "size": 1}
{"ts": "2025-11-06 16:32:00+00:00", "side": "SELL", "price": 271.75, "size": 1}
{"ts": "2025-11-06 17:04:00+00:00", "side": "BUY", "price": 271.0799865722656, "size": 1}
{"ts": "2025-11-06 17:15:00+00:00", "side": "SELL", "price": 270.6499938964844, "size": 1}
{"ts": "2025-11-06 17:28:00+00:00", "side": "BUY", "price": 271.3699951171875, "size": 1}
{"ts": "2025-11-06 17:57:00+00:00", "side": "SELL", "price": 272.0799865722656, "size": 1}
{"ts": "2025-11-06 17:59:00+00:00", "side": "BUY", "price": 272.2749938964844, "size": 1}
{"ts": "2025-11-06 18:05:00+00:00", "side": "SELL", "price": 271.7099914550781, "size": 1}
{"ts": "2025-11-06 18:25:00+00:00", "side": "BUY", "price": 271.3681030273437, "size": 1}
{"ts": "2025-11-06 18:34:00+00:00", "side": "SELL", "price": 271.1099853515625, "size": 1}
{"ts": "2025-11-06 18:43:00+00:00", "side": "BUY", "price": 271.32000732421875, "size": 1}
{"ts": "2025-11-06 18:58:00+00:00", "side": "SELL", "price": 271.3949890136719, "size": 1}
{"ts": "2025-11-06 19:05:00+00:00", "side": "BUY", "price": 271.739990234375, "size": 1}
{"ts": "2025-11-06 19:22:00+00:00", "side": "SELL", "price": 271.8099975585937, "size": 1}
{"ts": "2025-11-06 19:24:00+00:00", "side": "BUY", "price": 271.8500061035156, "size": 1}
{"ts": "2025-11-06 19:40:00+00:00", "side": "SELL", "price": 271.510009765625, "size": 1}
{"ts": "2025-11-06 19:57:00+00:00", "side": "BUY", "price": 271.32989501953125, "size": 1}
{"ts": "2025-11-06 20:20:00+00:00", "side": "SELL", "price": 271.1199951171875, "size": 1}
{"ts": "2025-11-06 20:27:00+00:00", "side": "BUY", "price": 271.4200134277344, "size": 1}
{"ts": "2025-11-06 20:30:00+00:00", "side": "SELL", "price": 271.239990234375, "size": 1}
{"ts": "2025-11-06 20:36:00+00:00", "side": "BUY", "price": 271.32000732421875, "size": 1}
{"ts": "2025-11-06 20:38:00+00:00", "side": "SELL", "price": 271.1499938964844, "size": 1}
{"ts": "2025-11-07 14:40:00+00:00", "side": "BUY", "price": 269.5150146484375, "size": 1}
{"ts": "2025-11-07 14:46:00+00:00", "side": "SELL", "price": 268.9460144042969, "size": 1}
{"ts": "2025-11-07 14:48:00+00:00", "side": "BUY", "price": 269.37451171875, "size": 1}
{"ts": "2025-11-07 15:33:00+00:00", "side": "SELL", "price": 271.510009765625, "size": 1}
{"ts": "2025-11-07 16:07:00+00:00", "side": "BUY", "price": 271.139892578125, "size": 1}
{"ts": "2025-11-07 16:13:00+00:00", "side": "SELL", "price": 270.3299865722656, "size": 1}
{"ts": "2025-11-07 16:44:00+00:00", "side": "BUY", "price": 269.56500244140625, "size": 1}
{"ts": "2025-11-07 16:50:00+00:00", "side": "SELL", "price": 269.3299865722656, "size": 1}
{"ts": "2025-11-07 17:18:00+00:00", "side": "BUY", "price": 269.0545959472656, "size": 1}
{"ts": "2025-11-07 17:32:00+00:00", "side": "SELL", "price": 268.8500061035156, "size": 1}
{"ts": "2025-11-07 17:54:00+00:00", "side": "BUY", "price": 268.7699890136719, "size": 1}
{"ts": "2025-11-07 18:05:00+00:00", "side": "SELL", "price": 268.4100036621094, "size": 1}
{"ts": "2025-11-07 18:25:00+00:00", "side": "BUY", "price": 268.8009948730469, "size": 1}
{"ts": "2025-11-07 18:36:00+00:00", "side": "SELL", "price": 268.1659851074219, "size": 1}
{"ts": "2025-11-07 18:58:00+00:00", "side": "BUY", "price": 268.3699951171875, "size": 1}
{"ts": "2025-11-07 19:08:00+00:00", "side": "SELL", "price": 267.8399963378906, "size": 1}
{"ts": "2025-11-07 19:32:00+00:00", "side": "BUY", "price": 267.6300048828125, "size": 1}
{"ts": "2025-11-07 19:51:00+00:00", "side": "SELL", "price": 267.65008544921875, "size": 1}
{"ts": "2025-11-07 20:16:00+00:00", "side": "BUY", "price": 267.2300109863281, "size": 1}
{"ts": "2025-11-07 20:50:00+00:00", "side": "SELL", "price": 268.19500732421875, "size": 1}
{"ts": "2025-11-07 20:57:00+00:00", "side": "BUY", "price": 268.4849853515625, "size": 1}
{"ts": "2025-11-10 15:03:00+00:00", "side": "SELL", "price": 272.5151062011719, "size": 1}
{"ts": "2025-11-10 15:49:00+00:00", "side": "BUY", "price": 271.5802001953125, "size": 1}
{"ts": "2025-11-10 15:51:00+00:00", "side": "SELL", "price": 271.0400085449219, "size": 1}
{"ts": "2025-11-10 16:50:00+00:00", "side": "BUY", "price": 269.04998779296875, "size": 1}
{"ts": "2025-11-10 17:15:00+00:00", "side": "SELL", "price": 269.2749938964844, "size": 1}
{"ts": "2025-11-10 17:40:00+00:00", "side": "BUY", "price": 269.2099914550781, "size": 1}
{"ts": "2025-11-10 18:24:00+00:00", "side": "SELL", "price": 269.9700012207031, "size": 1}
{"ts": "2025-11-10 18:44:00+00:00", "side": "BUY", "price": 269.8599853515625, "size": 1}
{"ts": "2025-11-10 19:09:00+00:00", "side": "SELL", "price": 270.0199890136719, "size": 1}
{"ts": "2025-11-10 19:25:00+00:00", "side": "BUY", "price": 269.54010009765625, "size": 1}
{"ts": "2025-11-10 19:41:00+00:00", "side": "SELL", "price": 269.5799865722656, "size": 1}
{"ts": "2025-11-10 19:54:00+00:00", "side": "BUY", "price": 269.6199951171875, "size": 1}
{"ts": "2025-11-10 20:02:00+00:00", "side": "SELL", "price": 269.3500061035156, "size": 1}
{"ts": "2025-11-10 20:50:00+00:00", "side": "BUY", "price": 268.9549865722656, "size": 1}
{"ts": "2025-11-11 15:01:00+00:00", "side": "SELL", "price": 272.9800109863281, "size": 1}
{"ts": "2025-11-11 15:14:00+00:00", "side": "BUY", "price": 273.385009765625, "size": 1}
{"ts": "2025-11-11 15:40:00+00:00", "side": "SELL", "price": 273.6700134277344, "size": 1}
{"ts": "2025-11-11 16:03:00+00:00", "side": "BUY", "price": 273.260009765625, "size": 1}
{"ts": "2025-11-11 16:17:00+00:00", "side": "SELL", "price": 272.9200134277344, "size": 1}
{"ts": "2025-11-11 16:51:00+00:00", "side": "BUY", "price": 272.0199890136719, "size": 1}
{"ts": "2025-11-11 16:52:00+00:00", "side": "SELL", "price": 271.94000244140625, "size": 1}
{"ts": "2025-11-11 16:53:00+00:00", "side": "BUY", "price": 272.1856994628906, "size": 1}
{"ts": "2025-11-11 16:59:00+00:00", "side": "SELL", "price": 271.95001220703125, "size": 1}
{"ts": "2025-11-11 17:01:00+00:00", "side": "BUY", "price": 272.29998779296875, "size": 1}
{"ts": "2025-11-11 17:39:00+00:00", "side": "SELL", "price": 273.0899963378906, "size": 1}
{"ts": "2025-11-11 17:44:00+00:00", "side": "BUY", "price": 273.5799865722656, "size": 1}
{"ts": "2025-11-11 18:40:00+00:00", "side": "SELL", "price": 274.3599853515625, "size": 1}
{"ts": "2025-11-11 18:51:00+00:00", "side": "BUY", "price": 274.5599975585937, "size": 1}
{"ts": "2025-11-11 19:00:00+00:00", "side": "SELL", "price": 274.3700866699219, "size": 1}
{"ts": "2025-11-11 19:08:00+00:00", "side": "BUY", "price": 274.6199951171875, "size": 1}
{"ts": "2025-11-11 19:34:00+00:00", "side": "SELL", "price": 275.19000244140625, "size": 1}
{"ts": "2025-11-11 19:50:00+00:00", "side": "BUY", "price": 275.30499267578125, "size": 1}
{"ts": "2025-11-11 20:14:00+00:00", "side": "SELL", "price": 275.4218139648437, "size": 1}
{"ts": "2025-11-11 20:35:00+00:00", "side": "BUY", "price": 275.375, "size": 1}
{"ts": "2025-11-11 20:37:00+00:00", "side": "SELL", "price": 275.2300109863281, "size": 1}
{"ts": "2025-11-11 20:46:00+00:00", "side": "BUY", "price": 275.53009033203125, "size": 1}
{"ts": "2025-11-11 20:56:00+00:00", "side": "SELL", "price": 275.04998779296875, "size": 1}
{"ts": "2025-11-12 15:01:00+00:00", "side": "BUY", "price": 273.0050048828125, "size": 1}
{"ts": "2025-11-12 15:28:00+00:00", "side": "SELL", "price": 272.7821960449219, "size": 1}
{"ts": "2025-11-12 15:35:00+00:00", "side": "BUY", "price": 273.6452941894531, "size": 1}
{"ts": "2025-11-12 15:50:00+00:00", "side": "SELL", "price": 273.75, "size": 1}
{"ts": "2025-11-12 15:57:00+00:00", "side": "BUY", "price": 274.19000244140625, "size": 1}
{"ts": "2025-11-12 16:08:00+00:00", "side": "SELL", "price": 273.8599853515625, "size": 1}
{"ts": "2025-11-12 16:14:00+00:00", "side": "BUY", "price": 274.2099914550781, "size": 1}
{"ts": "2025-11-12 16:48:00+00:00", "side": "SELL", "price": 274.2099914550781, "size": 1}
{"ts": "2025-11-12 17:21:00+00:00", "side": "BUY", "price": 274.2850036621094, "size": 1}
{"ts": "2025-11-12 17:46:00+00:00", "side": "SELL", "price": 274.4700012207031, "size": 1}
{"ts": "2025-11-12 18:00:00+00:00", "side": "BUY", "price": 274.5899963378906, "size": 1}
{"ts": "2025-11-12 18:20:00+00:00", "side": "SELL", "price": 274.815185546875, "size": 1}
{"ts": "2025-11-12 18:26:00+00:00", "side": "BUY", "price": 275.0299987792969, "size": 1}
{"ts": "2025-11-12 18:35:00+00:00", "side": "SELL", "price": 274.739990234375, "size": 1}
{"ts": "2025-11-12 18:39:00+00:00", "side": "BUY", "price": 275.1199951171875, "size": 1}
{"ts": "2025-11-12 18:53:00+00:00", "side": "SELL", "price": 275.1400146484375, "size": 1}
{"ts": "2025-11-12 18:54:00+00:00", "side": "BUY", "price": 275.1849975585937, "size": 1}
{"ts": "2025-11-12 19:08:00+00:00", "side": "SELL", "price": 275.17999267578125, "size": 1}
{"ts": "2025-11-12 19:46:00+00:00", "side": "BUY", "price": 274.54998779296875, "size": 1}
{"ts": "2025-11-12 19:56:00+00:00", "side": "SELL", "price": 274.3800048828125, "size": 1}
{"ts": "2025-11-12 20:22:00+00:00", "side": "BUY", "price": 273.8699951171875, "size": 1}
{"ts": "2025-11-12 20:38:00+00:00", "side": "SELL", "price": 273.70001220703125, "size": 1}
{"ts": "2025-11-12 20:51:00+00:00", "side": "BUY", "price": 274.29998779296875, "size": 1}
{"ts": "2025-11-12 20:56:00+00:00", "side": "SELL", "price": 273.1700134277344, "size": 1}
{"ts": "2025-11-13 14:33:00+00:00", "side": "BUY", "price": 274.5400085449219, "size": 1}
{"ts": "2025-11-13 14:49:00+00:00", "side": "SELL", "price": 274.489990234375, "size": 1}
{"ts": "2025-11-13 15:58:00+00:00", "side": "BUY", "price": 272.7900085449219, "size": 1}
{"ts": "2025-11-13 16:07:00+00:00", "side": "SELL", "price": 272.5, "size": 1}
{"ts": "2025-11-13 16:11:00+00:00", "side": "BUY", "price": 272.885009765625, "size": 1}
{"ts": "2025-11-13 16:39:00+00:00", "side": "SELL", "price": 273.5899963378906, "size": 1}
{"ts": "2025-11-13 16:58:00+00:00", "side": "BUY", "price": 273.6000061035156, "size": 1}
{"ts": "2025-11-13 17:09:00+00:00", "side": "SELL", "price": 272.8999938964844, "size": 1}
{"ts": "2025-11-13 17:27:00+00:00", "side": "BUY", "price": 272.8269958496094, "size": 1}
{"ts": "2025-11-13 17:36:00+00:00", "side": "SELL", "price": 272.6300048828125, "size": 1}
{"ts": "2025-11-13 17:51:00+00:00", "side": "BUY", "price": 272.6199951171875, "size": 1}
{"ts": "2025-11-13 17:52:00+00:00", "side": "SELL", "price": 272.5400085449219, "size": 1}
{"ts": "2025-11-13 18:07:00+00:00", "side": "BUY", "price": 273.1299133300781, "size": 1}
{"ts": "2025-11-13 18:26:00+00:00", "side": "SELL", "price": 272.7300109863281, "size": 1}
{"ts": "2025-11-13 18:42:00+00:00", "side": "BUY", "price": 272.8500061035156, "size": 1}
{"ts": "2025-11-13 19:01:00+00:00", "side": "SELL", "price": 273.19000244140625, "size": 1}
{"ts": "2025-11-13 19:16:00+00:00", "side": "BUY", "price": 273.2850036621094, "size": 1}
{"ts": "2025-11-13 19:37:00+00:00", "side": "SELL", "price": 273.42999267578125, "size": 1}
{"ts": "2025-11-13 19:57:00+00:00", "side": "BUY", "price": 272.9800109863281, "size": 1}
{"ts": "2025-11-13 20:04:00+00:00", "side": "SELL", "price": 272.706787109375, "size": 1}
{"ts": "2025-11-13 20:15:00+00:00", "side": "BUY", "price": 272.8500061035156, "size": 1}
{"ts": "2025-11-13 20:53:00+00:00", "side": "SELL", "price": 272.8399963378906, "size": 1}
{"ts": "2025-11-14 14:49:00+00:00", "side": "BUY", "price": 271.385498046875, "size": 1}
{"ts": "2025-11-14 15:35:00+00:00", "side": "SELL", "price": 273.5400085449219, "size": 1}
{"ts": "2025-11-14 15:37:00+00:00", "side": "BUY", "price": 273.9100036621094, "size": 1}
{"ts": "2025-11-14 15:59:00+00:00", "side": "SELL", "price": 274.2455139160156, "size": 1}
{"ts": "2025-11-14 16:20:00+00:00", "side": "BUY", "price": 274.0199890136719, "size": 1}
{"ts": "2025-11-14 16:34:00+00:00", "side": "SELL", "price": 273.760009765625, "size": 1}
{"ts": "2025-11-14 16:43:00+00:00", "side": "BUY", "price": 274.2650146484375, "size": 1}
{"ts": "2025-11-14 17:27:00+00:00", "side": "SELL", "price": 275.5599975585937, "size": 1}
{"ts": "2025-11-14 17:37:00+00:00", "side": "BUY", "price": 275.7799987792969, "size": 1}
{"ts": "2025-11-14 17:44:00+00:00", "side": "SELL", "price": 275.54998779296875, "size": 1}
{"ts": "2025-11-14 18:14:00+00:00", "side": "BUY", "price": 274.9580078125, "size": 1}
{"ts": "2025-11-14 18:19:00+00:00", "side": "SELL", "price": 274.375, "size": 1}
{"ts": "2025-11-14 18:30:00+00:00", "side": "BUY", "price": 274.67999267578125, "size": 1}
{"ts": "2025-11-14 18:37:00+00:00", "side": "SELL", "price": 274.2349853515625, "size": 1}
{"ts": "2025-11-14 18:54:00+00:00", "side": "BUY", "price": 274.465087890625, "size": 1}
{"ts": "2025-11-14 19:07:00+00:00", "side": "SELL", "price": 273.92999267578125, "size": 1}
{"ts": "2025-11-14 19:18:00+00:00", "side": "BUY", "price": 274.1300964355469, "size": 1}
{"ts": "2025-11-14 19:19:00+00:00", "side": "SELL", "price": 274.0199890136719, "size": 1}
{"ts": "2025-11-14 19:21:00+00:00", "side": "BUY", "price": 274.0899963378906, "size": 1}
{"ts": "2025-11-14 19:29:00+00:00", "side": "SELL", "price": 273.9599914550781, "size": 1}
{"ts": "2025-11-14 19:40:00+00:00", "side": "BUY", "price": 274.010009765625, "size": 1}
{"ts": "2025-11-14 19:41:00+00:00", "side": "SELL", "price": 274.0400085449219, "size": 1}
{"ts": "2025-11-14 19:43:00+00:00", "side": "BUY", "price": 274.04998779296875, "size": 1}
{"ts": "2025-11-14 19:44:00+00:00", "side": "SELL", "price": 273.9169921875, "size": 1}
{"ts": "2025-11-14 19:46:00+00:00", "side": "BUY", "price": 274.2250061035156, "size": 1}
{"ts": "2025-11-14 19:48:00+00:00", "side": "SELL", "price": 273.80499267578125, "size": 1}
{"ts": "2025-11-14 19:50:00+00:00", "side": "BUY", "price": 274.04998779296875, "size": 1}
{"ts": "2025-11-14 19:51:00+00:00", "side": "SELL", "price": 273.9682922363281, "size": 1}
{"ts": "2025-11-14 19:59:00+00:00", "side": "BUY", "price": 274.0199890136719, "size": 1}
{"ts": "2025-11-14 20:07:00+00:00", "side": "SELL", "price": 273.8055114746094, "size": 1}
